<record xmlns="http://www.loc.gov/MARC21/slim" xmlns:xsi="http://www.w3.org/2001/XMLSchema-instance" xsi:schemaLocation="http://www.loc.gov/MARC21/slim http://www.loc.gov/standards/marcxml/schema/MARC21slim.xsd"><leader>     nam a22        4500</leader><controlfield tag="001">1621570</controlfield><controlfield tag="003">NIC</controlfield><controlfield tag="006">m        d        </controlfield><controlfield tag="007">cr cn |||m|||a</controlfield><controlfield tag="008">150323s1981    ir      obd   000 0 ara d</controlfield><datafield ind1=" " ind2=" " tag="040"><subfield code="a">NNU</subfield><subfield code="b">eng</subfield><subfield code="c">NNU</subfield></datafield><datafield ind1="0" ind2=" " tag="041"><subfield code="a">ara</subfield><subfield code="a">per</subfield></datafield><datafield ind1=" " ind2="4" tag="050"><subfield code="a">PJ6636.P</subfield></datafield><datafield ind1="0" ind2=" " tag="100"><subfield code="6">880-01</subfield><subfield code="a">M. &#699;A. T.</subfield><subfield code="q">(Taraqqi&#772;, Muh&#803;ammad &#699;Ali&#772;)</subfield></datafield><datafield ind1="1" ind2="0" tag="245"><subfield code="6">880-02</subfield><subfield code="a">Farhang-i Khayya&#772;m, &#699;Arabi&#772;-Fa&#772;rsi&#772;</subfield><subfield code="h">[electronic resource] :</subfield><subfield code="b">sha&#772;mil-i 45 haza&#772;r va&#772;zh-i mus&#803;t&#803;alah-i Fa&#772;rsi&#772;, &#699;Arabi&#772;, Turki&#772; bi-z&#804;ami&#772;nah-&#700;i farhang-i lughat-i pazi&#772;raftah shuda Uru&#772;pa&#772;&#700;i&#772; va vazhah&#697;ha&#772;-yi naw-i Farhangista&#772;n /</subfield><subfield code="c">ta&#700;li&#772;f, M.&#699;A.T. [Muh&#803;ammad &#699;Ali&#772; Taraqqi&#772;].</subfield></datafield><datafield ind1=" " ind2=" " tag="250"><subfield code="6">880-03</subfield><subfield code="a">Cha&#772;p-i 5.</subfield></datafield><datafield ind1=" " ind2=" " tag="260"><subfield code="6">880-04</subfield><subfield code="a">[Tehran] :</subfield><subfield code="b">Kita&#772;bfuru&#772;shi&#772;-i Khayya&#772;m,</subfield><subfield code="c">1359 [1981]</subfield></datafield><datafield ind1=" " ind2=" " tag="300"><subfield code="a">online resource (672 p.)</subfield></datafield><datafield ind1=" " ind2=" " tag="500"><subfield code="a">Arabic and Persian.</subfield></datafield><datafield ind1=" " ind2=" " tag="500"><subfield code="a">Part of the Arabic Collections Online (ACO) project, contributed by Cornell University Libraries.</subfield></datafield><datafield ind1=" " ind2=" " tag="533"><subfield code="a">Electronic reproduction.</subfield><subfield code="b">New York, N.Y. :</subfield><subfield code="c">New York University,</subfield><subfield code="d">2015.</subfield><subfield code="5">NNU</subfield></datafield><datafield ind1=" " ind2="4" tag="650"><subfield code="a">Arabic language dictionaries</subfield><subfield code="x">Persian.</subfield></datafield><datafield ind1="2" ind2=" " tag="710"><subfield code="a">Cornell University.</subfield><subfield code="b">Libraries.</subfield></datafield><datafield ind1="0" ind2=" " tag="730"><subfield code="a">Arabic Collections Online.</subfield></datafield><datafield ind1="0" ind2="8" tag="776"><subfield code="i">Print version:</subfield><subfield code="a">M. &#699;A. T. (Taraqqi&#772;, Muh&#803;ammad &#699;Ali&#772;)</subfield><subfield code="t">Farhang-i Khayya&#772;m, &#699;Arabi&#772;-Fa&#772;rsi&#772;</subfield><subfield code="w">(NIC)1621570</subfield><subfield code="w">(DLC)   89930284 </subfield><subfield code="w">(OCoLC)64736210</subfield></datafield><datafield ind1="4" ind2="0" tag="856"><subfield code="u">http://hdl.handle.net/2333.1/tdz08p58</subfield></datafield><datafield ind1="0" ind2=" " tag="880"><subfield code="6">100-01/r</subfield><subfield code="a">&#1605;. &#1593;. &#1578;.</subfield><subfield code="q">(&#1578;&#1585;&#1602;&#1609;&#1548; &#1605;&#1581;&#1605;&#1583; &#1593;&#1604;&#1609;)</subfield></datafield><datafield ind1="1" ind2="0" tag="880"><subfield code="6">245-02/r</subfield><subfield code="a">&#1601;&#1585;&#1607;&#1606;&#1711; &#1582;&#1610;&#1575;&#1605;&#1548; &#1593;&#1585;&#1576;&#1609;&#1601;&#1575;&#1585;&#1587;&#1609; :</subfield><subfield code="b">&#1588;&#1575;&#1605;&#1604; 45 &#1607;&#1586;&#1575;&#1585; &#1608;&#1575;&#1688; &#1605;&#1589;&#1591;&#1604;&#1607; &#1601;&#1575;&#1585;&#1587;&#1609;&#1548; &#1593;&#1585;&#1576;&#1609;&#1548; &#1578;&#1585;&#1705;&#1609; &#1576;&#1590;&#1605;&#1609;&#1606;&#1728; &#1601;&#1585;&#1607;&#1606;&#1711; &#1604;&#1594;&#1578; &#1662;&#1586;&#1609;&#1585;&#1601;&#1578;&#1607; &#1588;&#1583; &#1575;&#1585;&#1608;&#1662;&#1575;&#1574;&#1610; &#1608; &#1608;&#1688;&#1607;&#8204;&#1575;&#1609; &#1606;&#1608; &#1601;&#1585;&#1607;&#1606;&#1711;&#1587;&#1578;&#1575;&#1606; /</subfield><subfield code="c">&#1578;&#1575;&#1569;&#1604;&#1609;&#1601;&#1548; &#1605;.&#1593;.&#1578;. [&#1605;&#1581;&#1605;&#1583; &#1593;&#1604;&#1609; &#1578;&#1585;&#1602;&#1609;].</subfield></datafield><datafield ind1=" " ind2=" " tag="880"><subfield code="6">250-03/r</subfield><subfield code="a">&#1670;&#1575;&#1662; 5.</subfield></datafield><datafield ind1=" " ind2=" " tag="880"><subfield code="6">260-04/r</subfield><subfield code="a">[&#1591;&#1607;&#1585;&#1575;&#1606;] :</subfield><subfield code="b">&#1705;&#1578;&#1575;&#1576;&#1601;&#1585;&#1608;&#1588;&#1609; &#1582;&#1610;&#1575;&#1605;&#1548;</subfield><subfield code="c">1359 [1981]</subfield></datafield><datafield ind1=" " ind2=" " tag="959"><subfield code="a">NNU</subfield><subfield code="b">WEB</subfield><subfield code="c">GENI</subfield><subfield code="t">0</subfield><subfield code="m">Electronic access</subfield><subfield code="s">01</subfield></datafield><datafield ind1=" " ind2=" " tag="999"><subfield code="i">NIC_1621570</subfield><subfield code="o">(OCoLC)ocm64736210</subfield><subfield code="s">cornell_aco000005</subfield><subfield code="e">(ERROR-880)</subfield><subfield code="s">cornell_aco000005</subfield></datafield></record>